<?xml version="1.0" encoding="UTF-8"?><collection xmlns="http://www.loc.gov/MARC21/slim"><record><leader>00470nam--2200157-i-4500</leader><controlfield tag="001">000015854</controlfield><controlfield tag="002">20161230</controlfield><controlfield tag="005">20170115223916</controlfield><controlfield tag="008">060222s1000------------r-----000-0-eng-d</controlfield><datafield ind1=" " ind2=" " tag="080"><subfield code="a">548:621.39(043)</subfield></datafield><datafield ind1=" " ind2=" " tag="100"><subfield code="a">Charasse, Marie-Noelle</subfield></datafield><datafield ind1=" " ind2=" " tag="245"><subfield code="a">Super-reseaux contraints in x gaas-gaas sur substrat de gaas realises en epitaxie par jets moleculaires</subfield><subfield code="b">these</subfield></datafield><datafield ind1=" " ind2=" " tag="260"><subfield code="a">Paris</subfield><subfield code="b">Universite</subfield><subfield code="c">1985</subfield></datafield><datafield ind1=" " ind2=" " tag="300"><subfield code="a">257 p</subfield></datafield><datafield ind1=" " ind2=" " tag="852"><subfield code="a">74.071</subfield></datafield><datafield ind1=" " ind2=" " tag="CAT"><subfield code="a">SYS</subfield><subfield code="c">20170115</subfield><subfield code="h">223916</subfield></datafield></record></collection>